

@unknown{deepsocial,
author = {Rezaei, M., Azarmi, M.},
year = {2020},
month = {10},
pages = {},
title = {DeepSOCIAL: Social Distancing Monitoring and Infection Risk Assessment in COVID-19 Pandemic. Appl. Sci. 7514.}
}

@unknown{visbased,
author = {Yang, Dongfang and Yurtsever, Ekim and Renganathan, Vishnu and Redmill, Keith and Ozguner, Umit},
year = {2020},
month = {07},
pages = {},
title = {A Vision-based Social Distancing and Critical Density Detection System for COVID-19}
}

@unknown{socdist,
author = {Student, Department of Master of Computer Application, AMC Engineering College Bangalore, Karnataka, India
Student, Department of Computer Science and Engineering (M.Tech), C.B.I.T Kolar, Karnataka, India},
year = {2020},
month = {08},
pages = {},
title = {SOCIAL DISTANCING DETECTION SYSTEM WITH ARTIFICIAL INTELLIGENCE USING COMPUTER VISION AND DEEP LEARNING}
}

@unknown{vissoc,
author = {MARCO CRISTANI (Member, IEEE), ALESSIO DEL BUE (Member, IEEE),
VITTORIO MURINO (Senior Member, IEEE), FRANCESCO SETTI (Member, IEEE),
AND ALESSANDRO VINCIARELLI (Member, IEEE)},
year = {2020},
month = {07},
pages = {},
title = {The Visual Social Distancing Problem}
}

@INPROCEEDINGS{8717277,
  author={A. {Gadhgadhi} and Y. {Hachaichi} and H. {Zairi}},
  booktitle={2019 19th International Conference on Sciences and Techniques of Automatic Control and Computer Engineering (STA)}, 
  title={Distance Estimation using Polynomial Approximation and Neural Network Based on RSSI technique}, 
  year={2019},
  volume={},
  number={},
  pages={24-29},
  doi={10.1109/STA.2019.8717277}}




@misc{colab,
	Annote = {https://colab.research.google.com/},
	Author = {},
	Title = {Google Colab},
	Urldate = {},
	Year = {},
	howpublished = {\url{https://colab.research.google.com/}}}
	
@misc{studio,
	Annote = {https://studio.azureml.net/},
	Author = {},
	Title = {Azure Machine Learning Studio},
	Urldate = {},
	Year = {},
	howpublished = {\url{https://studio.azureml.net/}}}
	
@misc{kaggle,
	Annote = {https://www.kaggle.com/datasets},
	Author = {},
	Title = {Kaggle},
	Urldate = {},
	Year = {},
	Bdsk-Url-1 = {https://www.kaggle.com/datasets}}
	
@misc{roboflow,
	Annote = {https://roboflow.com/},
	Author = {},
	Title = {Roboflow},
	Urldate = {},
	Year = {},
	howpublished = {\url{https://roboflow.com/}}}

@misc{detectron2,
	Annote = {https://github.com/facebookresearch/detectron2},
	Author = {},
	Title = {Detectron2},
	Urldate = {},
	Year = {2015},
	howpublished = {\url{https://github.com/facebookresearch/detectron2}}}
	
@misc{opencv,
  author = "Intel Corporation, Williow Garage, Itseez",
  title = {OpenCV},
  month = "",
  year = "2000",
  howpublished = {\url{https://opencv.org/}},
  note = "Felkeresve: 2020-12-05"
}

@misc{pytorch,
	Annote = {https://pytorch.org/},
	Author = {Facebook's AI Research lab (FAIR)},
	Title = {Pytorch},
	Urldate = {},
	Year = {2016},
	howpublished = {\url{https://pytorch.org/}}}

@misc{tensorflow,
	Annote = {https://www.tensorflow.org/},
	Author = {Google Brain Team},
	Title = {Tensorflow},
	Urldate = {},
	Year = {2015},
	howpublished = {\url{https://www.tensorflow.org/}}}

